@article{alonsomora16pnas,
author = {Alonso-Mora, Javier and Samaranayake, Samitha and Wallar, Alex and Frazzoli, Emilio and Rus, Daniela},
title = {{Ride-Vehicle Assignment and Analysis of the Benefits of High Capacity Vehicle Pooling}},
journal = {Proceedings of the National Academy of Sciences},
year = {under review}
}

